@book{barfoot_state_2017,
	location = {Cambridge},
	title = {State Estimation for Robotics},
	isbn = {978-1-316-67152-8},
	publisher = {Cambridge University Press},
	author = {Barfoot, Timothy D.},
	date = {2017},
	langid = {english},
	doi = {10.1017/9781316671528},
	file = {Barfoot_2017_State Estimation for Robotics.pdf:/home/yuchen/Dropbox/library/BarfootT_State Estimation for Robotics_2017/Barfoot_2017_State Estimation for Robotics.pdf:application/pdf}
}